<record xmlns='http://www.loc.gov/MARC21/slim'><leader>01112cim a22003012u 4500</leader><controlfield tag='001'>3600696</controlfield><controlfield tag='005'>20151214182653.0</controlfield><controlfield tag='007'>ss|lmnjluz|nuu</controlfield><controlfield tag='008'>991101s1987    nyunnn         l    eng d</controlfield><datafield ind1=' ' ind2=' ' tag='035'><subfield code='a'>(NIC)notisASF7761</subfield></datafield><datafield ind1=' ' ind2=' ' tag='035'><subfield code='a'>3600696</subfield></datafield><datafield ind1=' ' ind2=' ' tag='035'><subfield code='a'>(OCoLC)63896458</subfield></datafield><datafield ind1=' ' ind2=' ' tag='040'><subfield code='a'>NIC</subfield><subfield code='c'>NIC</subfield><subfield code='d'>NIC</subfield><subfield code='d'>NIC</subfield></datafield><datafield ind1='1' ind2=' ' tag='100'><subfield code='a'>Swaminathan, M. S.</subfield><subfield code='q'>(Monkombu Sambasivan)</subfield></datafield><datafield ind1='1' ind2='4' tag='245'><subfield code='a'>The green revolution revisited</subfield><subfield code='h'>[sound recording]</subfield></datafield><datafield ind1=' ' ind2=' ' tag='260'><subfield code='c'>1987.</subfield></datafield><datafield ind1=' ' ind2=' ' tag='300'><subfield code='a'>1 sound cassette (65 min.) :</subfield><subfield code='b'>analog, mono.</subfield></datafield><datafield ind1=' ' ind2=' ' tag='500'><subfield code='a'>Recorded in Ithaca, NY by Cornell University.</subfield></datafield><datafield ind1=' ' ind2=' ' tag='500'><subfield code='a'>Speaker(s): Director General, International Rice Research Institute of the Republic of the Philippines.</subfield></datafield><datafield ind1=' ' ind2=' ' tag='518'><subfield code='a'>Lecture, October 30, 1987.</subfield></datafield><datafield ind1=' ' ind2=' ' tag='520'><subfield code='a'>Swaminathan explains the benefits and concerns of the green revolution.</subfield></datafield><datafield ind1=' ' ind2='0' tag='650'><subfield code='a'>Green revolution.</subfield></datafield><datafield ind1=' ' ind2='0' tag='650'><subfield code='a'>Agricultural productivity.</subfield></datafield><datafield ind1=' ' ind2='7' tag='650'><subfield code='a'>Agricultural productivity</subfield><subfield code='2'>fast</subfield><subfield code='0'>(OCoLC)fst00801250</subfield></datafield><datafield ind1=' ' ind2='7' tag='650'><subfield code='a'>Green Revolution</subfield><subfield code='2'>fast</subfield><subfield code='0'>(OCoLC)fst00947585</subfield></datafield><datafield ind1='1' ind2=' ' tag='899'><subfield code='a'>CULectures</subfield></datafield><datafield ind1=' ' ind2=' ' tag='905'><subfield code='a'>20000328120000.0</subfield></datafield><datafield ind1='2' ind2=' ' tag='948'><subfield code='a'>20141221</subfield><subfield code='b'>m</subfield><subfield code='d'>batch</subfield><subfield code='e'>lts</subfield><subfield code='x'>addfast</subfield></datafield></record>